
@article{:2005dm,
	Author = {0001, Bruno Martins and Silva, M{\'a}rio J},
	Journal = {ICDM},
	Pages = {741--744},
	Title = {{A Graph-Ranking Algorithm for Geo-Referencing Documents.}},
	Year = {2005}}

@article{Anonymous:nrTxLxhI,
	Month = mar,
	Pages = {1--31},
	Title = {{A Lateration-localizing Algorithm for Energy-efficient Target Tracking in Wireless Sensor Networks}},
	Year = {2016}}

@booklet{Frontiera:2004vd,
	Author = {Frontiera, Patricia Louise},
	Title = {{A Probabilistic Approach to Spatial Ranking for Geographic Information Retrieval}},
	Year = {2004}}

@book{Yu:2007dh,
	Address = {New York, New York, USA},
	Author = {Yu, Bo and Cai, Guoray},
	Month = nov,
	Publisher = {ACM},
	Title = {{A query-aware document ranking method for geographic information retrieval}},
	Year = {2007}}

@article{Walker:2007hr,
	Author = {Walker, David R F and Newman, Ian A and Medyckyj-Scott, David J and Ruggles, Clive L N},
	Journal = {International Journal of Geographical Information Systems},
	Month = feb,
	Number = {6},
	Pages = {511--527},
	Title = {{A system for identifying datasets for GIS users}},
	Volume = {6},
	Year = {2007}}

@article{Walker:2007hr,
	Author = {Walker, David R F and Newman, Ian A and Medyckyj-Scott, David J and Ruggles, Clive L N},
	Journal = {International Journal of Geographical Information Systems},
	Month = feb,
	Number = {6},
	Pages = {511--527},
	Title = {{A system for identifying datasets for GIS users}},
	Volume = {6},
	Year = {2007}}

@booklet{Hill:1990vu,
	Author = {Hill, Linda Ladd},
	Title = {{Access to Geographic Concepts in Online Bibliographic Files}},
	Year = {1990}}

@article{Sanderson:tm,
	Author = {Sanderson, M and Retrieval, J Kohler on Geographic Information and {2004}},
	Journal = {marksanderson.org},
	Title = {{Analyzing geographic queries}}}

@booklet{Vinsonhaler:1970vz,
	Author = {Vinsonhaler, John F and Hafterson, John M and Thomas, Stuart W},
	Title = {{BIRS Technical Manual, Basic Information Retrieval System}},
	Year = {1970}}

@article{Ding:1910wl,
	Author = {Ding, Junyan and Gravano, Luis and Shivakumar, Narayanan},
	Journal = {In Proceedings of the th International Conference on Very Large Data Bases},
	Month = jan,
	Pages = {1--12},
	Title = {{Computing Geographical Scopes of Web Resources}},
	Volume = {45},
	Year = {1910}}

@article{Shulkin:2012vqa,
	Annote = {8 pages, 5 figures},
	Author = {Shulkin, Evgeny V and Krasnopeyev, Sergey M},
	Eprint = {1205.0839v1},
	Eprintclass = {cs.SE},
	Eprinttype = {arxiv},
	Journal = {arXiv.org},
	Month = may,
	Title = {{Development of application for discovering and binding to published geospatial processes in distributed environments}},
	Year = {2012}}

@article{Long:2018ta,
	Annote = {24 pages},
	Author = {Long, Jun and Zhu, Lei and Zhang, Chengyuan and Yang, Zhan and Lin, Yunwu and Chen, Ruipeng},
	Eprint = {1806.00571v1},
	Eprintclass = {cs.MM},
	Eprinttype = {arxiv},
	Journal = {arXiv.org},
	Month = jun,
	Title = {{Efficient Interactive Search for Geo-tagged Multimedia Data}},
	Year = {2018}}

@book{Carmel:2010td,
	Author = {Carmel, David and Yom-Tov, Elad},
	Publisher = {Morgan {\&} Claypool Publishers},
	Title = {{Estimating the Query Difficulty for Information Retrieval}},
	Year = {2010}}

@inproceedings{Sallaberry:2008cy,
	Address = {New York, New York, USA},
	Author = {Sallaberry, Christian and Gaio, Mauro and Palacio, Damien and Lesbegueries, Julien},
	Booktitle = {Proceeding of the 2nd international workshop},
	Pages = {1--8},
	Publisher = {ACM Press},
	Title = {{Fuzzying GIS topological functions for GIR needs}},
	Year = {2008}}

@book{Larson:1996wq,
	Author = {Larson, Ray R},
	Publisher = {Graduate School of Library and Information Science, University of Illinois at Urbana-Champaign},
	Title = {{Geographic information retrieval and spatial browsing}},
	Year = {1996}}

@article{Mountain:2007gc,
	Author = {Mountain, David and MacFarlane, Andrew},
	Journal = {Journal of Information Science},
	Month = apr,
	Number = {5},
	Pages = {515--530},
	Title = {{Geographic information retrieval in a mobile environment: evaluating the needs of mobile individuals:}},
	Volume = {33},
	Year = {2007}}

@article{Fang:2018jc,
	Author = {Fang, Caili and Zhang, Shuliang},
	Journal = {ISPRS International Journal of Geo-Information},
	Month = mar,
	Number = {3},
	Pages = {89--23},
	Title = {{Geographic Information Retrieval Method for Geography Mark-Up Language Data}},
	Volume = {7},
	Year = {2018}}

@article{Purves:2018ke,
	Author = {Purves, Ross S and Clough, Paul and Jones, Christopher B and Hall, Mark H and Murdock, Vanessa},
	Journal = {Foundations and Trends{\textregistered} in Information Retrieval},
	Number = {2-3},
	Pages = {164--318},
	Title = {{Geographic Information Retrieval: Progress and Challenges in Spatial Search of Text}},
	Volume = {12},
	Year = {2018}}

@article{Jones:2008isa,
	Author = {Jones, Christopher B and Purves, Ross S},
	Journal = {International Journal of Geographical Information Science},
	Month = mar,
	Number = {3},
	Pages = {219--228},
	Title = {{Geographical information retrieval}},
	Volume = {22},
	Year = {2008}}

@inproceedings{Gunawan:2016jm,
	Author = {{Gunawan} and Ferdinandus, F X and Setiawan, Esther Irawati},
	Booktitle = {2016 International Computer Science and Engineering Conference (ICSEC)},
	Pages = {1--5},
	Publisher = {IEEE},
	Title = {{GeoJSON Web Service based road assets management system for Surabaya city using mobile GPS}},
	Year = {2016}}

@booklet{BaezaYates:2011uz,
	Author = {Baeza-Yates, R and Ribeiro, BAN},
	Title = {{Host Needed}},
	Year = {2011}}

@book{Buttcher:2016vr,
	Author = {B{\"u}ttcher, Stefan and Clarke, Charles L A and Cormack, Gordon V},
	Month = feb,
	Publisher = {MIT Press},
	Series = {Implementing and Evaluating Search Engines},
	Title = {{Information Retrieval}},
	Year = {2016}}

@article{Korfhage:2008fe,
	Author = {Korfhage, Robert R},
	Title = {{Information Storage and Retrieval}},
	Year = {2008}}

@book{Manning:2008vf,
	Author = {Manning, Christopher D and Raghavan, Prabhakar and Sch{\"u}tze, Hinrich},
	Month = jul,
	Publisher = {Cambridge University Press},
	Title = {{Introduction to Information Retrieval}},
	Year = {2008}}

@book{Wilcock:2009vm,
	Author = {Wilcock, Graham},
	Publisher = {Morgan {\&} Claypool Publishers},
	Title = {{Introduction to Linguistic Annotation and Text Analytics}},
	Year = {2009}}

@book{Chowdhury:2010vn,
	Author = {Chowdhury, Gobinda G},
	Publisher = {Facet Publishing},
	Title = {{Introduction to Modern Information Retrieval}},
	Year = {2010}}

@webpage{MacVittie:GdC6zU-4,
	Author = {MacVittie, Lori},
	Title = {{IoT Tipping Point: Connection Capacity}}}

@article{Ballatore:2014je,
	Annote = {21 pages, 1 figure},
	Author = {Ballatore, Andrea and Bertolotto, Michela and Wilson, David C},
	Eprint = {1404.5372v1},
	Eprintclass = {cs.IR},
	Eprinttype = {arxiv},
	Journal = {arXiv.org},
	Month = apr,
	Number = {2},
	Pages = {73--84},
	Title = {{Linking Geographic Vocabularies through WordNet}},
	Year = {2014}}

@article{Kang:im,
	Author = {Kang, Yong-Shin and Park, Il-Ha and Rhee, Jongtae and Lee, Yong-Han},
	Journal = {IEEE Sensors Journal},
	Number = {2},
	Pages = {485--497},
	Title = {{MongoDB-Based Repository Design for IoT-Generated RFID/Sensor Big Data}},
	Volume = {16}}

@book{Dede:vb,
	Address = {New York, New York, USA},
	Author = {Dede, Elif and Govindaraju, Madhusudhan and Gunter, Daniel and Canon, Richard Shane and Ramakrishnan, Lavanya},
	Month = jun,
	Publisher = {ACM},
	Title = {{Performance evaluation of a MongoDB and hadoop platform for scientific data analysis}},
	Year = {2013}}

@article{Avutu:2018tp,
	Author = {Avutu, Neeraj},
	Title = {{Performance Evaluation of MongoDB on AWS and OpenStack}},
	Year = {2018}}

@booklet{Anonymous:2003vy,
	Title = {{Proceedings for the ... International Symposium on Remote Sensing of Environment, the ... Symposium of the Canadian Remote Sensing Society}},
	Year = {2003}}

@article{Anonymous:MlgCKsNo,
	Title = {{Scaling MongoDB}},
	Year = {2011}}

@inproceedings{vanderVeen:kp,
	Author = {van der Veen, Jan Sipke and van der Waaij, Bram and Meijer, Robert J},
	Booktitle = {2012 IEEE 5th International Conference on Cloud Computing (CLOUD)},
	Pages = {431--438},
	Publisher = {IEEE},
	Title = {{Sensor Data Storage Performance: SQL or NoSQL, Physical or Virtual}}}

@book{Mountain:2007gu,
	Address = {New York, New York, USA},
	Author = {Mountain, David M},
	Month = nov,
	Publisher = {ACM},
	Title = {{Spatial filters for mobile information retrieval}},
	Year = {2007}}

@techreport{Butler:2016ev,
	Author = {Butler, H and Daly, M and Doyle, A and Gillies, S and Hagen, S and Schaub, T},
	Month = aug,
	Title = {{The GeoJSON Format}},
	Year = {2016}}

@article{Sanderson:2012cga,
	Author = {Sanderson, Mark and Croft, W Bruce},
	Journal = {Proceedings of the IEEE},
	Number = {Special Centennial Issue},
	Pages = {1444--1451},
	Title = {{The History of Information Retrieval Research.}},
	Volume = {100},
	Year = {2012}}

@book{Dominich:2008wy,
	Author = {Dominich, S{\'a}ndor},
	Month = apr,
	Publisher = {Springer Science {\&} Business Media},
	Title = {{The Modern Algebra of Information Retrieval}},
	Year = {2008}}

@article{Page:2015fya,
	Author = {Page, Roderic},
	Journal = {PLoS Currents},
	Title = {{Visualising Geophylogenies in Web Maps Using GeoJSON}},
	Year = {2015}}

@inproceedings{daCostaRainho:2018kj,
	Author = {da Costa Rainho, Filipe and Bernardino, Jorge},
	Booktitle = {2018 13th Iberian Conference on Information Systems and Technologies (CISTI)},
	Pages = {1--6},
	Publisher = {IEEE},
	Title = {{Web GIS: A new system to store spatial data using GeoJSON in MongoDB}},
	Year = {2018}}

@article{Amitay:2004ju,
	Author = {Amitay, Einat and Har'El, Nadav and Sivan, Ron and Soffer, Aya},
	Journal = {SIGIR},
	Pages = {273},
	Title = {{Web-a-where - geotagging web content.}},
	Year = {2004}}


@booklet{Woodruff:1993wh,
	Author = {Woodruff, Allison Gyle},
	Title = {{GIPSY: Georeferenced Information Processing SYstem}},
	Year = {1993}}
